<collection xmlns="http://www.loc.gov/MARC21/slim"><record><leader>01108nam  2200277   450</leader><controlfield tag="001">608</controlfield><controlfield tag="003">http://montalegre.opacnet.com/OPAC/default.aspx?ContentAreaControl=ShowRegHoldings.ascx&amp;RegNo=16662</controlfield><controlfield tag="005">20</controlfield><datafield tag="010" ind1=" " ind2=" "><subfield code="a">972-36-0210-5</subfield></datafield><datafield tag="021" ind1=" " ind2=" "><subfield code="a">PT</subfield><subfield code="b">27612/89</subfield></datafield><datafield tag="100" ind1=" " ind2=" "><subfield code="a">19901203d1989    a  y0pory0103    ba</subfield></datafield><datafield tag="101" ind1="0" ind2=" "><subfield code="a">por</subfield></datafield><datafield tag="102" ind1=" " ind2=" "><subfield code="a">PT</subfield></datafield><datafield tag="200" ind1="1" ind2=" "><subfield code="a">&lt;A &gt;visita ao padrinho</subfield><subfield code="f">Ilse Losa</subfield><subfield code="g">ilust.: Ângela Melo</subfield></datafield><datafield tag="210" ind1=" " ind2=" "><subfield code="a">Porto</subfield><subfield code="c">Afrontamento</subfield><subfield code="d">1989</subfield></datafield><datafield tag="215" ind1=" " ind2=" "><subfield code="a">41, [2] p.</subfield><subfield code="c">ilust.</subfield><subfield code="d">24 cm</subfield></datafield><datafield tag="225" ind1="2" ind2=" "><subfield code="a">Tretas e Letras</subfield><subfield code="v">21</subfield></datafield><datafield tag="327" ind1="1" ind2=" "><subfield code="a">Contém : Visita ao padrinho. - p. 7-21 ; Dois companheiros. - p. 21-33 ; Pepe o Periquito. - p. 35-41</subfield></datafield><datafield tag="606" ind1=" " ind2=" "><subfield code="a">Literatura portuguesa</subfield><subfield code="2">Autoridade</subfield><subfield code="3">PT-----------2012041710390005598</subfield></datafield><datafield tag="608" ind1=" " ind2=" "><subfield code="a">Literatura infantil e juvenil</subfield><subfield code="2">Autoridade</subfield><subfield code="3">PT9999-00-10-2009040123590005446</subfield></datafield><datafield tag="675" ind1=" " ind2=" "><subfield code="a">821.134.3-93</subfield></datafield><datafield tag="700" ind1=" " ind2="1"><subfield code="a">Losa</subfield><subfield code="b">Ilse</subfield><subfield code="f">1913-2006</subfield><subfield code="2">Autoridade</subfield><subfield code="3">PT-----------2013112612320005977</subfield></datafield><datafield tag="702" ind1=" " ind2="1"><subfield code="a">Melo</subfield><subfield code="b">Ângela</subfield><subfield code="4">440</subfield></datafield><datafield tag="801" ind1=" " ind2="0"><subfield code="a">PT</subfield><subfield code="b">Biblioteca Municipal de Montalegre</subfield><subfield code="g">RPC</subfield></datafield><datafield tag="856" ind1=" " ind2=" "><subfield code="u">locateMedia.asp?cod=20060522155554&amp;ext=jpg</subfield><subfield code="z">CAPA</subfield></datafield><datafield tag="909" ind1="&#9;" ind2=" "><subfield code="a">2</subfield></datafield><datafield tag="966" ind1=" " ind2=" "><subfield code="a">0001165</subfield><subfield code="l">BMM</subfield><subfield code="s">SI 82-93 LOS vis 21</subfield></datafield><datafield tag="966" ind1=" " ind2=" "><subfield code="a">0001164</subfield><subfield code="l">BMM</subfield><subfield code="s">SI 821.134.3-93 LOS vis</subfield></datafield></record></collection>